@article{meek,
	author = {David Fifield and Chang Lan and Rod Hynes and Percy Wegmann and Vern Paxson},
	year = 2015,
	number = 2,
	volume = 2015,
	title = {Blocking-resistant communication through domain fronting},
	journal  = {Proceedings on Privacy Enhancing Technologies},
	pages = {46-64},
}

@inproceedings{fte,
	author = {Dyer, K. P. and Coull, S. E. and Ristenpart, T. and Shrimpton, T},
	year = 2013,
	month = nov,
	title = {Protocol misidentification made easy with format-transforming encryption},
	booktitle = {20th ACM Conference on Computer and Communications Security (CCS)},
	pages = {61--72}
}

@inproceedings{wang2015seeing,
  title={Seeing through network-protocol obfuscation},
  author={Wang, Liang and Dyer, Kevin P and Akella, Aditya and Ristenpart, Thomas and Shrimpton, Thomas},
  booktitle={22nd ACM Conference on Computer and Communications Security (CCS)},
  pages={57--69},
  year={2015},
  organization={ACM}
}

@InProceedings{stegotorus,
	author = {Zachary Weinberg and Jeffrey Wang and Vinod Yegneswaran and Linda Briesemeister and Steven Cheung and Frank Wang and Dan Boneh},
	title = {StegoTorus: A camouflage proxy for the {T}or anonymity system},
	booktitle = {19th ACM Conference on Computer and Communications Security (CCS)},
	month = oct,
	year = 2012,
   	pages = {109--120},
}

@InProceedings{skypemorph,
	author = {Hooman {Mohajeri Moghaddam} and Baiyu Li and Mohammad Derakhshani and Ian Goldberg},
	year = 2012,
	month = oct,
	title = {{SkypeMorph}: Protocol obfuscation for {T}or bridges},
	booktitle = {19th ACM Conference on Computer and Communications Security (CCS)},
   	pages = {97--108},
}

@InProceedings{curveball11,
    author = {Josh Karlin and Daniel Ellard and Alden W. Jackson and
	Christine E. Jones and Greg Lauer and David P. Mankins and W. Timothy Strayer},
    title = {Decoy Routing: Toward Unblockable {I}nternet Communication},
    booktitle = {1st USENIX Workshop on Free and Open Communications on the Internet (FOCI)},
    month = aug,
    year = 2011
}

@InProceedings{flash-proxies,
    author = {David Fifield and Nate Hardison and Jonathan Ellithorpe and Emily Stark and Roger Dingledine and Phil Porras and Dan Boneh},
    title = {Evading Censorship with Browser-Based Proxies},
    booktitle = {12th Privacy Enhancing Technologies Symposium (PETS)},
    month = jul,
    year = 2012,
	pages = {239--258},
}

@InProceedings{telex11,
  author = {Eric Wustrow and Scott Wolchok and Ian Goldberg and J. Alex Halderman},
  title = {Telex: Anticensorship in the Network Infrastructure},
  booktitle = {20th USENIX Security Symposium},
  month = aug,
  year = 2011,
  _note = {\url{https://telex.cc}},
}

@inproceedings{cirripede11,
    author = {Houmansadr, Amir and Nguyen, Giang T. K. and Caesar, Matthew and Borisov, Nikita},
    title = {Cirripede: Circumvention infrastructure using router redirection with plausible deniability},
    booktitle = {18th ACM Conference on Computer and Communications Security (CCS)},
    year = 2011,
	month = oct,
    pages = {187--200},
}

@inproceedings{rad12,
    author = {Max Schuchard and John Geddes and Christopher Thompson and Nicholas Hopper},
    title = {Routing around decoys},
    booktitle = {19th ACM Conference on Computer and Communications Security {(CCS)}},
    year = {2012},
    isbn = {978-1-4503-1651-4},
    location = {Raleigh, North Carolina, USA},
    pages = {85--96},
    numpages = {12},
    _url = {http://doi.acm.org/10.1145/2382196.2382209},
    _doi = {10.1145/2382196.2382209},
    acmid = {2382209},
    _address = {New York, NY, USA},
    keywords = {bgp, decoy routing, telex, cirripede, censorship},
}

@misc{cesareo12,
    author = {Jacopo Cesareo and Josh Karlin and Michael Schapira and Jennifer Rexford},
    title = {Optimizing the placement of implicit proxies},
    note = {\url{http://www.cs.princeton.edu/~jrex/papers/decoy-routing.pdf}},
    url = {http://www.cs.princeton.edu/~jrex/papers/decoy-routing.pdf},
    month = {June},
    year = 2012
}

@inproceedings{houmansadr-nodirection,
    author = {Amir Houmansadr and Edmund L. Wong and Vitaly Shmatikov},
    title = {No direction home: The true cost of routing around decoys},
    booktitle = {2014 Network and Distributed System Security Symposium {(NDSS)}},
    year = {2014},
    month = {February},
}

@inproceedings{houmansadr-parrot,
    title = {The Parrot is Dead:
	Observing Unobservable Network Communications},
    author = {Amir Houmansadr and Chad Brubaker and Vitaly Shmatikov},
    booktitle = {{The 34th IEEE Symposium on Security and Privacy}},
    location = {Oakland, California},
    year = {2013}
}

@misc{open-curveball,
    title = {{Curveball} open source release},
    url = "https://curveball.nct.bbn.com",
    month = {June},
    year = {2014}
}

@misc{ossh,
    title={Obfuscated SSH},
    url={https://github.com/brl/obfuscated-openssh},
    year=2009,
    author={Bruce Leidl},
}

@inproceedings{tapdance14,
    author = {Eric Wustrow and Colleen M. Swanson and J. Alex Halderman},
    title = {Tap{D}ance: End-to-Middle Anticensorship without Flow Blocking},
    booktitle = {23rd USENIX Security Symposium},
    year = 2014,
	month = aug,
	pages = {159--174}
}

@inproceedings{rebound15,
    author = {Daniel Ellard and Alden Jackson and Christine Jones and Victoria Manfredi and
	W. Timothy Strayer and Bishal Thapa and Megan Van Welie},
    title = {Rebound: Decoy routing on asymmetric routes via error messages},
    booktitle = {40th IEEE Conference on Local Computer Networks},
	series = {LCN},
    month = oct,
    year = 2015,
	pages = {91--99},
}

@inproceedings{click,
    author = {Eddie Kohler and Robert Morris and Benjie Chen and John Jannotti and
	M. Frans Kaashoek},
    title = {The click modular router},
    booktitle = {ACM Transactions on Computer Systems},
    volume = {18},
    number = {3},
    pages = {263-297},
    month = {August},
    year = {2000}
}

@inproceedings{netmap,
    author = {Luigi Rizzo},
    title = {{netmap}: {a} novel framework for fast packet {I/O}},
    booktitle = {{USENIX} Annual Technical Conference},
    pages = {101-112},
    year = {2012}
}

@misc{dpdk,
    author = {Intel},
    title = {{Data Plane Development Kit} (DPDK)},
    note = {\url{http://www.dpdk.org}}
}

@misc{pfring,
    key = {Ntop},
    title = {{PF\_RING}},
    note = {\url{http://www.ntop.org/products/pf_ring}},
    year = {{}},
}

@inproceedings{fastclick,
    author = {Tom Barbette and Cyril Soldani and and Laurent Mathy},
    title = {Fast userspace packet processing},
    booktitle = {{ANCS'15} 11th
	    ACM/IEEE Symposium on Architectures
	    for networking and communications systems (ANCS'15)},
    pages = {5-16},
    year = {2015}
}

@misc{curveball-os-20160308,
    title = {{BBN Curveball 2016.03.08 Source Release}},
    note = {\url{https://curveball.nct.bbn.com}}
}

@misc{curveball-os,
    title = {{BBN Curveball source release}},
    note = {\url{https://curveball.nct.bbn.com}}
}

@inproceedings{slitheen16,
    author = {Cecylia Bocovich and Ian Goldberg},
    title = {Slitheen: Perfectly imitated decoy routing through
	traffic replacement},
    booktitle = {23rd ACM Conference on Computer and Communications Security (CCS)},
	pages = {1702--1714},
    month = oct,
    year = 2016,
}

@misc{iperf,
    title = {{iPerf}},
    note = {\url{https://iperf.fr}}
}

@InProceedings{zmap13,
    author = {Zakir Durumeric and Eric Wustrow and J. Alex Halderman},
    title = {{ZMap}: {F}ast {I}nternet-Wide Scanning and its Security Applications},
    booktitle = {22nd {USENIX} Security Symposium},
    month = aug,
    year = 2013
}

@misc{comScore,
    title = {{comScore}: cross-platform measurement company},
    note = {\url{https://www.comscore.com/Insights/Blog/Number-of-Mobile-Only-Internet-Users-Now-Exceeds-Desktop-Only-in-the-U.S}},
    year = 2015
}

@misc{chinaiwatch,
    title = {{China Internet Watch}: Internet Statistics report},
    note = {\url{https://www.chinainternetwatch.com/whitepaper/china-internet-statistics/}},
    year = 2018
}

@misc{gomobile,
    title = {{Gomobile}: tool page on github},
    note = {\url{https://github.com/golang/go/wiki/Mobile}}
}

@misc{py4a,
    title = {Python for {Android} ({py4a})},
    note = {\url{http://code.google.com/p/python-for-android}}
}

@misc{sl4a,
    title = {Scripting Layer for {Android} (sl4a)},
    note = {\url{https://github.com/damonkohler/sl4a}}
}

@misc{nss,
    title = {{Network Security Services (NSS)}},
    note = {\url{https://developer.mozilla.org/en-US/docs/Mozilla/Projects/NSS}}
}

@misc{twisted,
    title = {Twisted},
    note = {\url{http://twistedmatrix.com/trac/}}
}

@misc{iperf3,
    title = {{iperf3}: a tool for active measurements of the maximum achievable bandwidth},
    note = {\url{https://iperf.fr/}}
}

@misc{ab,
    title = {{ab}: a tool for benchmarking HTTP servers},
    note = {\url{http://httpd.apache.org/docs/current/programs/ab.html}}
}

@misc{alexa-top500,
  title={Alexa Top 500 Global Sites},
  author={{Alexa Internet, Inc.}},
  note={\url{https://www.alexa.com/topsites}},
  urldate = {2019-02-15},
  year = {2019},
}

@misc{active-probe,
  title={Knock knock knockin' on bridges' doors},
  author={Tim Wilde},
  howpublished = {Tor Blog},
  note={\url{https://blog.torproject.org/blog/knock-knock-knockin-bridges-doors}},
  year={Jan.\ 7, 2012}
}

@inproceedings{elligator,
  title={Elligator: Elliptic-curve points indistinguishable from uniform random strings},
  author={Bernstein, Daniel J and Hamburg, Mike and Krasnova, Anna and Lange, Tanja},
  booktitle={20th ACM Conference on Computer and Communications Security (CCS)},
  pages={967--980},
  month=nov,
  year=2013
}

@misc{refraction-site,
  key={Refraction Routing Site},
  title={Refraction {N}etworking: {I}nternet freedom in the network's core},
  note={\url{https://refraction.network/}}
}

@inproceedings{ensafi-tor,
  title={Examining How the {G}reat {F}irewall Discovers Hidden Circumvention Servers},
  author={R. Ensafi and D. Fifield and P. Winter and N. Feamster and N. Weaver and V. Paxson},
  booktitle={15th ACM Internet Measurement Conference (IMC)},
  month=oct,
  year=2015,
  pages={445--458}
  }

@inproceedings{ensafi-china,
  title={Analyzing the {G}reat {F}irewall of {C}hina Over Space and Time},
  author={Roya Ensafi and Philipp Winter and Abdullah Mueen and Jedidiah R. Crandall},
  booktitle = {Privacy Enhancing Technologies (PETS)},
  pages={61--76},
  year=2015
}

@article{great-cannon,
  title={An analysis of {C}hina's ``{Great Cannon}''},
  author={Marczak, Bill and Weaver, Nicholas and Dalek, Jakub and Ensafi, Roya and Fifield, David and McKune, Sarah and Rey, Arn and Scott-Railton, John and Deibert, Ron and Paxson, Vern},
  journal={FOCI. USENIX},
  pages={37},
  year={2015}
}

@inproceedings{tor,
  author = {Roger Dingledine and Nick Mathewson and Paul Syverson},
  title = {Tor: {T}he Second-Generation Onion Router},
  booktitle = {13th USENIX Security Symposium},
  year = 2004,
  month = aug,
  pages = {303--320}
}


@misc{fhiran,
  author = {{Freedom House}},
  title={Freedom on the {N}et 2016: {I}ran Country Report},
  note={\url{https://freedomhouse.org/report/freedom-net/2016/iran}},
  year={2016}
}

@misc{fotn2018,
  author={{Freedom House}},
  title={Freedom on the {N}et 2018: The Rise of Digital Authoritarianism},
  note={\url{https://freedomhouse.org/sites/default/files/FOTN_2018_Final Booklet_11_1_2018.pdf}},
  year={2018},
}

@misc{iranblackout,
  author = {Eva Galperin},
  title={{I}ran Ratchets Up Its {I}nternet Censorship},
  howpublished = {EFF DeepLinks Blog},
  note={\url{https://www.eff.org/deeplinks/2012/02/iran-ratchets-its-internet-censorship}},
  year={Feb.\ 11, 2012}
}

@inproceedings{satellite,
  title={Satellite: Joint analysis of {CDN}s and network-level interference},
  author={Scott, Will and Anderson, Thomas and Kohno, Tadayoshi and Krishnamurthy, Arvind},
  booktitle={2016 USENIX Annual Technical Conference (ATC)},
  year=2016,
  pages={195--208}
}

@InProceedings{censys15,
  author = {Zakir Durumeric and David Adrian and Ariana Mirian and Michael Bailey and J. Alex Halderman},
  title = {A Search Engine Backed by {I}nternet-Wide Scanning},
  booktitle = {22nd ACM Conference on Computer and Communications Security (CCS)},
  month = oct,
  year = 2015
}

@misc{uproxy,
  key={uproxy},
  title = {{uProxy}},
  note = {\url{https://www.uproxy.org/}},
}

@misc{lantern,
  key={lantern},
  title = {{Lantern}},
  note = {\url{https://getlantern.org/}},
  year = {{}},
}

@misc{psiphon,
  key={Psiphon},
  title = {{Psiphon}},
  note = {\url{https://psiphon.ca}},
  year = {{}},
}

@misc{obfs4,
  key = {The Tor Project},
  title = {{obfs4} Specification},
  note = {\url{https://gitweb.torproject.org/pluggable-transports/obfs4.git/tree/doc/obfs4-spec.txt}},
  year = {{}},
}

@Misc{signal,
  title     = {{Signal Private Messenger}},
  key    = {Open Whisper Systems},
  note  = {\url{https://signal.org/}},
  year = {{}},
}

@Misc{signal-domain-fronting,
  title     = {Doodles, stickers, and censorship circumvention for {Signal Android}},
  author    = {Moxie Marlinspike},
  year=2016,
  note  = {\url{https://signal.org/blog/doodles-stickers-censorship/}}
}

@misc{signal-back-on-front,
    title={Amazon threatens to suspend {S}ignal's {AWS} account over censorship circumvention},
    author={Moxie Marlinspike},
    year={2018},
    note={\url{https://signal.org/blog/looking-back-on-the-front/}}
}

@misc{aws-front,
    title={Enhanced Domain Protections for {Amazon} {CloudFront} Requests},
    author={Colm MacCarthaigh},
    year={2018},
    note={\url{https://aws.amazon.com/blogs/security/enhanced-domain-protections-for-amazon-cloudfront-requests/}}
}

@article{frolov2017isp,
  title={An {ISP}-scale deployment of {TapDance}},
  author={Sergey Frolov and Fred Douglas and Will Scott and Allison McDonald and Benjamin VanderSloot and Rod Hynes and Adam Kruger and Michalis Kallitsis and David Robinson and Nikita Borisov and J. Alex Halderman and Eric Wustrow},
  journal={Free and Open Communications on the Internet (FOCI)},
  pages={49},
  year={2017}
}

@inproceedings{waterfall17,
  title={The waterfall of liberty: Decoy routing circumvention that resists routing attacks},
  author={Nasr, Milad and Zolfaghari, Hadi and Houmansadr, Amir},
  booktitle={24th ACM Conference on Computer and Communications Security (CCS)},
  pages={2037--2052},
  year={2017},
}

@article{robinson2013collateral,
  title={Collateral freedom: A snapshot of chinese {I}nternet users circumventing censorship},
  author={Robinson, David and Yu, Harlan and An, Anne},
  journal={Open Internet Tools Project Report},
  year={2013}
}

@article { secureasymmetry,
      author = "Cecylia Bocovich and Ian Goldberg",
      title = "Secure asymmetry and deployability for decoy routing systems",
      journal = "Proceedings on Privacy Enhancing Technologies",
      year = "2018",
      volume = "2018",
      number = "3",
			pages = {43-62},
      _url = "https://content.sciendo.com/view/journals/popets/2018/3/article-p43.xml"
}

@inproceedings {multiflow,
author = {Victoria Manfredi and Pi Songkuntham},
title = {MultiFlow: Cross-Connection Decoy Routing using {TLS} 1.3 Session Resumption},
booktitle = {8th {USENIX} Workshop on Free and Open Communications on the Internet ({FOCI} 18)},
year = {2018},
_address = {Baltimore, MD},
_url = {https://www.usenix.org/conference/foci18/presentation/manfredi},
publisher = {{USENIX} Association},
}


@ARTICLE{SWEET-ToN,
  author={Amir Houmansadr and Wenxuan Zhou and Matthew Caesar and Nikita Borisov},
  journal={IEEE/ACM Transactions on Networking},
  title={{SWEET: Serving the Web by Exploiting Email Tunnels}},
  year={2017},
  month={Jan},
  volume={25},
  number={3},
  pages={}
}
@inproceedings{CloudTransport,
 title={{CloudTransport}: Using Cloud Storage for Censorship-Resistant Networking},
 author={Chad Brubaker and Amir Houmansadr and Vitaly Shmatikov},
 booktitle={The $14^{th}$ Privacy Enhancing Technologies Symposium (PETS)},
 year={2014}
}


@misc{decoy-placement,
title = {Optimizing the Placement of Implicit Proxies},
author = {Jacopo Cesareo and Josh Karlin and Michael Shapira and Jennifer Rexford},
year = 2012,
month = jun,
_howpublished = {\url{http://www.cs.princeton.edu/~jrex/papers/decoy-routing.pdf}}
}

@inproceedings{true-cost-rad,
  author    = {Amir Houmansadr and
               Edmund L. Wong and
               Vitaly Shmatikov},
  title     = {No Direction Home: The True Cost of Routing Around Decoys},
  booktitle = {21st Annual Network and Distributed System Security Symposium, {NDSS} 2014},
  publisher = {The Internet Society},
  year      = {2014},
  _url       = {https://www.ndss-symposium.org/ndss2014/no-direction-home-true-cost-routing-around-decoys},
  timestamp = {Tue, 16 Jan 2018 13:23:48 +0100},
  biburl    = {https://dblp.org/rec/bib/conf/ndss/HoumansadrWS14},
  bibsource = {dblp computer science bibliography, https://dblp.org}
}

@inproceedings{game-of-decoys,
  author    = {Milad Nasr and
               Amir Houmansadr},
  _editor    = {Edgar R. Weippl and
               Stefan Katzenbeisser and
               Christopher Kruegel and
               Andrew C. Myers and
               Shai Halevi},
  title     = {{GAME} {OF} {DECOYS}: Optimal Decoy Routing Through Game Theory},
  booktitle = {Proceedings of the 2016 {ACM} {SIGSAC} Conference on Computer and
               Communications Security, Vienna, Austria, October 24-28, 2016},
  pages     = {1727--1738},
  publisher = {{ACM}},
  year      = {2016},
  _url       = {https://doi.org/10.1145/2976749.2978367},
  _doi       = {10.1145/2976749.2978367},
  timestamp = {Tue, 06 Nov 2018 11:07:31 +0100},
  biburl    = {https://dblp.org/rec/bib/conf/ccs/NasrH16},
  bibsource = {dblp computer science bibliography, https://dblp.org}
}


@inproceedings{devil-details,
 author = {Gosain, Devashish and Agarwal, Anshika and Chakravarty, Sambuddho and Acharya, H. B.},
 title = {The Devil's in The Details: Placing Decoy Routers in the {Internet}},
 booktitle = {Proceedings of the 33rd Annual Computer Security Applications Conference},
 series = {ACSAC 2017},
 year = {2017},
 isbn = {978-1-4503-5345-8},
 location = {Orlando, FL, USA},
 pages = {577--589},
 numpages = {13},
 _url = {http://doi.acm.org/10.1145/3134600.3134608},
 _doi = {10.1145/3134600.3134608},
 acmid = {3134608},
 publisher = {ACM},
 _address = {New York, NY, USA},
 keywords = {Anti-Censorship, Decoy Routing, Internet topology, Traceroute},
}

@inproceedings{proximax,
 author = {McCoy, Damon and Morales, Jose Andre and Levchenko, Kirill},
 title = {Proximax: Measurement-driven Proxy Dissemination (Short Paper)},
 booktitle = {Proceedings of the 15th International Conference on Financial Cryptography and Data Security},
 series = {FC'11},
 year = {2012},
 isbn = {978-3-642-27575-3},
 _location = {Gros Islet, St. Lucia},
 pages = {260--267},
 numpages = {8},
 _url = {http://dx.doi.org/10.1007/978-3-642-27576-0_21},
 _doi = {10.1007/978-3-642-27576-0_21},
 acmid = {2186405},
 publisher = {Springer-Verlag},
 address = {Berlin, Heidelberg},
}

@inproceedings{rbridge,
  author    = {Qiyan Wang and
               Zi Lin and
               Nikita Borisov and
               Nicholas Hopper},
  title     = {{rBridge}: User Reputation based {Tor} Bridge Distribution with Privacy
               Preservation},
  booktitle = {20th Annual Network and Distributed System Security Symposium, {NDSS} 2013},
  publisher = {The Internet Society},
  year      = {2013},
  _url       = {https://www.ndss-symposium.org/ndss2013/rbridge-user-reputation-based-tor-bridge-distribution-privacy-preservation},
  timestamp = {Tue, 16 Jan 2018 13:23:48 +0100},
  biburl    = {https://dblp.org/rec/bib/conf/ndss/WangLBH13},
  bibsource = {dblp computer science bibliography, https://dblp.org}
}

@article{salmon,
  author    = {Frederick Douglas and
               Rorshach and
               Weiyang Pan and
               Matthew Caesar},
  title     = {Salmon: Robust Proxy Distribution for Censorship Circumvention},
  journal   = {PoPETs},
  volume    = {2016},
  number    = {4},
  pages     = {4--20},
  year      = {2016},
  _url       = {https://doi.org/10.1515/popets-2016-0026},
  _doi       = {10.1515/popets-2016-0026},
  timestamp = {Sat, 27 May 2017 14:24:30 +0200},
  biburl    = {https://dblp.org/rec/bib/journals/popets/DouglasRPC16},
  bibsource = {dblp computer science bibliography, https://dblp.org}
}


@inproceedings{sok-grounding,
  author = {Michael Carl Tschantz and Sadia Afroz and Anonymous and Vern Paxson},
  title = {{SoK}: Towards Grounding Censorship Circumvention in Empiricism},
  booktitle = {Symposium on Security \& Privacy},
  publisher = {IEEE},
  year = {2016},
  url = {https://www.eecs.berkeley.edu/~sa499/papers/oakland2016.pdf},
}

@misc{snowflake,
author = {Serene Han},
title = {Snowflake},
howpublished = {\url{https://trac.torproject.org/projects/tor/wiki/doc/Snowflake}},
year = 2017
}

@inproceedings{censorspoofer,
  author = {Qiyan Wang and Xun Gong and Giang T. K. Nguyen and Amir Houmansadr and Nikita Borisov},
  title = {{CensorSpoofer}: Asymmetric Communication using {IP} Spoofing for Censorship-Resistant Web Browsing},
  booktitle = {Computer and Communications Security},
  publisher = {ACM},
  year = {2012},
  _url = {https://hatswitch.org/~nikita/papers/censorspoofer.pdf},
}


@inproceedings{Dunna2018a,
  author = {Arun Dunna and Ciar\'{a}n O'Brien and Phillipa Gill},
  title = {Analyzing {China}'s Blocking of Unpublished {Tor} Bridges},
  booktitle = {Free and Open Communications on the Internet},
  publisher = {8th {USENIX} Workshop on Free and Open Communications on the Internet (FOCI 18)},
  year = {2018},
  _url = {https://www.usenix.org/system/files/conference/foci18/foci18-paper-dunna.pdf},
}

@inproceedings{tls-fingerprint,
  title={The use of {TLS} in Censorship Circumvention},
  author={Frolov, Sergey and Wustrow, Eric},
  booktitle = {2019 Network and Distributed System Security Symposium ({NDSS})},
  year = {2019},
  month = {February},
}

@misc{tls13,
  howpublished =  {RFC 8446},
  _doi =   {10.17487/RFC8446},
  _url =   {https://rfc-editor.org/rfc/rfc8446.txt},
  author =  {Eric Rescorla},
  title =   {The Transport Layer Security ({TLS}) Protocol Version 1.3},
  year =    2018,
  month =   aug,
}

@techreport{ietf-tls-esni-02,
	number =	{draft-ietf-tls-esni-02},
	type =		{Internet-Draft},
	institution =	{Internet Engineering Task Force},
	publisher =	{Internet Engineering Task Force},
	note =		{Work in Progress},
	_url =		{https://datatracker.ietf.org/doc/html/draft-ietf-tls-esni-02},
  author =	{Eric Rescorla and Kazuho Oku and Nick Sullivan and Christopher A. Wood},
	title =		{Encrypted Server Name Indication for {TLS} 1.3},
	pagetotal =	21,
	year =		2018,
	month =		oct,
	day =		22,
	abstract =	{This document defines a simple mechanism for encrypting the Server Name Indication for TLS 1.3.},
}

@misc{zmq,
    title = {{ZeroMQ Distributed Messaging}},
    key={ZeroMQ},
    note = {\url{http://zeromq.org/}},
    year = {{}},
}

@misc{redis,
    author = {Redis Labs},
    title = {{Redis is open source, in-memory data structure store}},
    note = {\url{https://redis.io/}},
    year = {2019},
}

@misc{utls,
    author = {Refraction Networking},
    title = {{uTLS---fork of the Go standard TLS library, providing low-level access to the ClientHello for mimicry purposes.}},
    note = {\url{https://github.com/refraction-networking/utls/}},
    year = {2019},
}

@misc{tapdance-source,
    author = {Refraction Networking},
    title = {{TapDance station code}},
    note = {\url{https://github.com/refraction-networking/tapdance}}
}

@inproceedings{hayes2016k,
  title={k-fingerprinting: A robust scalable website fingerprinting technique},
  author={Hayes, Jamie and Danezis, George},
  booktitle={25th USENIX Security Symposium},
  pages={1187--1203},
  year={2016}
}


@inproceedings{wang2014effective,
  title={Effective attacks and provable defenses for website fingerprinting},
  author={Wang, Tao and Cai, Xiang and Nithyanand, Rishab and Johnson, Rob and Goldberg, Ian},
  booktitle={23rd USENIX Security Symposium},
  pages={143--157},
  year={2014}
}

@inproceedings{sirinam2018deep,
  title={Deep fingerprinting: Undermining website fingerprinting defenses with deep learning},
  author={Sirinam, Payap and Imani, Mohsen and Juarez, Marc and Wright, Matthew},
  booktitle={Proceedings of the 2018 ACM SIGSAC Conference on Computer and Communications Security},
  pages={1928--1943},
  year={2018},
  organization={ACM}
}



@inproceedings{lincoln2012,
    title = {Bootstrapping Communications into an Anti-Censorship System},
    author={Lincoln, Patrick and Mason, Ian and Porras, Phillip A and Yegneswaran, Vinod and Weinberg, Zachary and Massar, Jeroen and Simpson, William Allen and Vixie, Paul and Boneh, Dan},
    booktitle = {2nd {USENIX} Workshop on Free and Open Communications on the Internet},
    year = {2012},
    _address = {Bellevue, WA},
    _url = {https://www.usenix.org/conference/foci12/workshop-program/presentation/Lincoln},
    publisher = {{USENIX}},
}

@misc{tor-bridge-blocking-blog,
    title={Research problems: Ten ways to discover Tor bridges},
    author={Roger Dingledine},
    url={https://blog.torproject.org/research-problems-ten-ways-discover-tor-bridges},
    month={Oct},
    year={2011},
}

@inproceedings{foremski2016entropy,
  title={Entropy/ip: Uncovering structure in ipv6 addresses},
  author={Foremski, Pawel and Plonka, David and Berger, Arthur},
  booktitle={Proceedings of the 2016 Internet Measurement Conference},
  pages={167--181},
  year={2016},
  organization={ACM}
}

@phdthesis{Fifield2017a,
  author = {David Fifield},
  title = {Threat modeling and circumvention of Internet censorship},
  school = {University of California, Berkeley},
  month = dec,
  year = 2017,
  _url = {https://www.bamsoftware.com/papers/thesis/},
}

@inproceedings{china-blocking-tor,
  title = {How the {Great} {Firewall} of {China} is Blocking {Tor}},
  _booktitle = {Presented as part of the 2nd {USENIX} Workshop on Free and Open Communications on the Internet},
  booktitle = {2nd {USENIX} Workshop on Free and Open Communications on the Internet},
  author= {Winter,Philipp  and Lindskog, Stefan}, 
  year = {2012},
  _address = {Bellevue, WA},
  _url = {https://www.usenix.org/conference/foci12/workshop-program/presentation/Winter},
  publisher = {{USENIX}},
}

@misc{shadowsocks, 
  title={Shadowsocks: A secure {SOCKS5} proxy}, 
  _url={https://shadowsocks.org/assets/whitepaper.pdf}, 
  author={{Shadowsocks}},
  year=2019,
  month = jan,
}

@misc{tor-metrics,
  title={Tor Metrics - China},
  author={Tor Project},
  url={https://metrics.torproject.org/userstats-bridge-combined.html?start=2019-05-31&end=2019-08-29&country=cn},
  year=2019
}
